<?xml version="1.0" encoding="UTF-8"?><collection xmlns="http://www.loc.gov/MARC21/slim"><record><leader>00439nam--2200157-i-4500</leader><controlfield tag="001">000009367</controlfield><controlfield tag="002">20161230</controlfield><controlfield tag="005">20161230201028</controlfield><controlfield tag="008">060222s1000------------r-----000-0-eng-d</controlfield><datafield ind1=" " ind2=" " tag="080"><subfield code="a">517.5:061.3</subfield></datafield><datafield ind1="1" ind2="0" tag="100"><subfield code="a">Schoenberg, I.J</subfield></datafield><datafield ind1="1" ind2=" " tag="245"><subfield code="a">Approximations with special emphasis on spline functions</subfield></datafield><datafield ind1=" " ind2=" " tag="260"><subfield code="a">New York, Academic Press, 1969 Xi + 488 P</subfield></datafield><datafield ind1=" " ind2=" " tag="700"><subfield code="a">Schoenberg, I.J</subfield></datafield><datafield ind1=" " ind2=" " tag="852"><subfield code="a">33174</subfield><subfield code="c">517.5</subfield></datafield><datafield ind1=" " ind2=" " tag="CAT"><subfield code="a">Sys</subfield><subfield code="c">20080804</subfield><subfield code="h">094527</subfield></datafield></record></collection>